@misc{espn20,
    author    = "{ESPN}",
    year      = "2020",
    title     = "Can Magic: The Gathering Arena challenge Hearthstone's digital card game supremacy?",
    url       = "https://www.espn.com/esports/story/_/id/28752185/can-magic-gathering-arena-challenge-hearthstone-digital-card-game-supremacy"
}

@article{stiegler16,
    author =       "A. Stiegler and C. Messerschmidt and J. Maucher and K. Dahal",
    title =        "Hearthstonedeck-construction with a utility system",
    journal =      "10th International IEEE Conference on Software, Knowledge, Information Management & Applications (SKIMA)",
    pages =        "21--28",
    year =         "2016",
}

@misc{karsten17,
    author    = "F. Karsten",
    year      = "2017",
    title     = "Magic Math - A New Way to Determine an Aggregate Deck List",
    url       = "https://www.channelfireball.com/articles/magic-math- a-new-way-to-determine-an-aggregate-deck-list-rg-dragons/"
}

@misc{karsten17a,
    author    = "F. Karsten",
    year      = "2017",
    title     = "How Many Lands Do You Need to Consistently Hit Your Land Drops?",
    url       = "https://strategy.channelfireball.com/all-strategy/mtg/channelmagic-articles/how-many-lands-do-you-need-to-consistently-hit-your-land-drops/"
}

@article{merelo16,
    author =       "P. Garcıa-Sanchez and A. Tonda and G. Squillero and A. Mora and J. J. Merelo",
    title =        "Evolutionary deckbuilding in hearthstone",
    journal =      "IEEE Conference on Computational Intelli-gence and Games (CIG)",
    pages =        "1--8",
    year =         "2016",
}

@article{el-nasr18,
    author =       "Z. Chen and C. Amato and T.-H. Nguyen and S. Cooper and Y. Sun and M. S. El-Nasr",
    title =        "Q-DeckRec: A Fast Deck Recommendation System for Collectible Card Games",
    journal =      "IEEE Conference on Computatonal Intelligence and Games (CIG)",
    year =         "2018",
}

.

@misc{karsten18,
    author    = "F. Karsten",
    year      = "2018",
    title     = "To Splash or Not to Splash in Limited?",
    url       = "https://strategy.channelfireball.com/all-strategy/mtg/channelmagic-articles/to-splash-or-not-to-splash-in-limited/"
}

@online{karsten14,
    author = "Karsten, Frank",
    title = "Finding the Optimal Mana Curve via Computer Simulation",
    year = "2014",
    url  = "https://strategy.channelfireball.com/all-strategy/mtg/channelmagic-articles/how-many-lands-do-you-need-to-consistently-hit-your-land-drops/"
}

@online{scott_vargas18,
    author = "Luis Scott-Vargas",
    title = "Core Set 2019 Constructed Set Review: Gold, Artifacts, Lands, and Top 5 Cards",
    year = "2018",
    url  = "https://strategy.channelfireball.com/all-strategy/mtg/channelmagic-articles/core-set-2019-constructed-set-review-gold-artifacts-lands-and-top-5-cards/"
}

@online{p1p118,
    author = "{Draftaholics Anonymous}",
    title = "P1P1 -- Core Set 2019",
    year = "2018",
    url  = "https://apps.draftaholicsanonymous.com/p1p1/M19/"
}

@online{scipy20,
    author = "{SciPy community}",
    title = "scipy.optimize.dual_annealing",
    year = "2020",
    url  = "https://docs.scipy.org/doc/scipy/reference/generated/scipy.optimize.dual_annealing.html"
}

@online{scipy20a,
    author = "{SciPy community}",
    title = "scipy.optimize.differential_evolution",
    year = "2020",
    url  = "https://docs.scipy.org/doc/scipy/reference/generated/scipy.optimize.differential_evolution.html"
}

@mastersthesis{bjorke17,
    author = {Sverre, Johann Bjørke AND Knut, Aron Fludal},
    institution = {Norwegian University of Science and Technology},
    school = {Norwegian University of Science and Technology},
    title = {Deckbuilding in Magic: The Gathering Using a Genetic Algorithm},
    month = 7,
    year = 2017
}

@online{scryfall,
     author = "{Scryfall}",
    title = "Scryfall Magic: The Gathering Search",
    year = "2020",
    url  = "https://scryfall.com/",
}

@online{draftsim,
author = "{Draftsim}",
    title = "Draftsim.com",
    year = "2020",
    url  = "https://draftsim.com/draft-data/",
}